<?xml version="1.0" encoding="UTF-8"?><collection xmlns="http://www.loc.gov/MARC21/slim"><record><leader>00494nam--2200181-u-4500</leader><controlfield tag="001">000054263</controlfield><controlfield tag="002">20161230</controlfield><controlfield tag="005">20161230201051</controlfield><controlfield tag="008">111101s1000------------r-----000-0-eng-d</controlfield><datafield ind1=" " ind2=" " tag="040"><subfield code="a">IFIN-HH</subfield></datafield><datafield ind1=" " ind2=" " tag="080"><subfield code="a">539.12</subfield></datafield><datafield ind1="1" ind2=" " tag="100"><subfield code="a">Swartz, Clifford E</subfield></datafield><datafield ind1="1" ind2="0" tag="245"><subfield code="a">Microstructure of matter</subfield><subfield code="c">Clifford swartz</subfield></datafield><datafield ind1=" " ind2=" " tag="260"><subfield code="a">Oak Ridge, Tennessee</subfield><subfield code="b">Us Atomic Energy Commission</subfield><subfield code="c">1965</subfield></datafield><datafield ind1=" " ind2=" " tag="300"><subfield code="a">60P</subfield></datafield><datafield ind1=" " ind2=" " tag="490"><subfield code="a">Understanding The Atom Series</subfield></datafield><datafield ind1=" " ind2=" " tag="852"><subfield code="a">5491</subfield><subfield code="c">539.12</subfield></datafield><datafield ind1=" " ind2=" " tag="CAT"><subfield code="a">Sys</subfield><subfield code="c">20111101</subfield><subfield code="h">153001</subfield></datafield></record></collection>